%
% Put your bibtex entries here.
%
